@INPROCEEDINGS{onlinepca,
  title={Online Principal Components Analysis},
  year={2015},
  author={Boutsidis, Christos and Garber, Dan and Karnin, Zohar and Liberty, Edo},
  series={SODA '15},
  publisher = {Society for Industrial and Applied Mathematics},
}

@article{Woodruff14,
  author    = {David P. Woodruff},
  title     = {Sketching as a Tool for Numerical Linear Algebra},
  journal   = {Foundations and Trends in Theoretical Computer Science},
  volume    = {10},
  number    = {1-2},
  pages     = {1--157},
  year      = {2014},
  url       = {http://dx.doi.org/10.1561/0400000060},
  doi       = {10.1561/0400000060},
  timestamp = {Mon, 10 Nov 2014 19:56:37 +0100},
  biburl    = {http://dblp.uni-trier.de/rec/bib/journals/fttcs/Woodruff14},
  bibsource = {dblp computer science bibliography, http://dblp.org}
}

@inproceedings{Arthur:2007:KAC:1283383.1283494,
 author = {Arthur, David and Vassilvitskii, Sergei},
 title = {K-means++: The Advantages of Careful Seeding},
 booktitle = {Proceedings of the Eighteenth Annual ACM-SIAM Symposium on Discrete Algorithms},
 series = {SODA '07},
 year = {2007},
 isbn = {978-0-898716-24-5},
 location = {New Orleans, Louisiana},
 pages = {1027--1035},
 numpages = {9},
 url = {http://dl.acm.org/citation.cfm?id=1283383.1283494},
 acmid = {1283494},
 publisher = {Society for Industrial and Applied Mathematics},
 address = {Philadelphia, PA, USA},
} 

@webpage{mnist,
  added-at = {2010-06-28T21:16:30.000+0200},
  author = {LeCun, Yann and Cortes, Corinna},
  biburl = {http://www.bibsonomy.org/bibtex/25c6723dcce8057a5a41a5d7e12684930/mhwombat},
  groups = {public},
  howpublished = {http://yann.lecun.com/exdb/mnist/},
  interhash = {21b9d0558bd66279df9452562df6e6f3},
  intrahash = {5c6723dcce8057a5a41a5d7e12684930},
  keywords = {MSc _checked character_recognition mnist network neural},
  lastchecked = {2010-02-22 00:36:34},
  timestamp = {2012-04-25T14:48:25.000+0200},
  title = {{MNIST} handwritten digit database},
  url = {http://yann.lecun.com/exdb/mnist/},
  username = {mhwombat},
  year = 2010
}

@article{FreqDirections,
  author    = {Mina Ghashami and
               Edo Liberty and
               Jeff M. Phillips and
               David P. Woodruff},
  title     = {Frequent Directions : Simple and Deterministic Matrix Sketching},
  journal   = {CoRR},
  volume    = {abs/1501.01711},
  year      = {2015},
  url       = {http://arxiv.org/abs/1501.01711},
  timestamp = {Mon, 02 Feb 2015 14:12:25 +0100},
  biburl    = {http://dblp.uni-trier.de/rec/bib/journals/corr/GhashamiLPW15},
  bibsource = {dblp computer science bibliography, http://dblp.org}
}
@inproceedings{Liberty2013,
 author = {Liberty, Edo},
 title = {Simple and Deterministic Matrix Sketching},
 booktitle = {Proceedings of the 19th ACM SIGKDD International Conference on Knowledge Discovery and Data Mining},
 series = {KDD '13},
 year = {2013},
 isbn = {978-1-4503-2174-7},
 location = {Chicago, Illinois, USA},
 pages = {581--588},
 numpages = {8},
 url = {http://doi.acm.org/10.1145/2487575.2487623},
 doi = {10.1145/2487575.2487623},
 acmid = {2487623},
 publisher = {ACM},
 address = {New York, NY, USA},
 keywords = {sketching, streaming},
} 

    

@INPROCEEDINGS{sarlos, 
author={Sarlos, T.}, 
booktitle={Foundations of Computer Science, 2006.}, 
title={Improved Approximation Algorithms for Large Matrices via Random Projections}, 
year={2006}, 
month={Oct}, 
pages={143-152}, 
keywords={approximation theory;computational complexity;matrix multiplication;random processes;regression analysis;sampling methods;singular value decomposition;black box probability boosting tool;computational complexity;data dependent random sampling;large matrices;linear regression;matrix multiplication;norm approximation;random projections;relative error approximation;singular value decomposition;Algorithm design and analysis;Approximation algorithms;Automation;Boosting;Embedded computing;Linear algebra;Matrix decomposition;Sampling methods;Singular value decomposition;Sparse matrices}, 
doi={10.1109/FOCS.2006.37}, 
ISSN={0272-5428},}

@book{Bishop2006,
 author = {Bishop, Christopher M.},
 title = {Pattern Recognition and Machine Learning},
 year = {2006},
 isbn = {0387310738},
 publisher = {Springer-Verlag New York, Inc.},
 address = {Secaucus, NJ, USA},
} 
